@article{Cohen22_traveling,
author = {Maureen Cohen and Massimo A. Bollasina and Denis E. Sergeev and Paul I. Palmer and Nathan J. Mayne},
doi = {10.48550/arxiv.2211.11887},
month = {11},
title = {Traveling planetary-scale waves cause cloud variability on tidally locked aquaplanets},
url = {https://arxiv.org/abs/2211.11887v1 http://arxiv.org/abs/2211.11887},
year = {2022},
keywords = {underreview},
author+an = {3=highlight}
}
@article{McCulloch22_modern-day,
author = {McCulloch, D. and Sergeev, D. E. and Mayne, N. and Bate, M. and Manners, J. and Boutle, I. and Drummond, B. and Kohary, K.},
title = {A modern-day Mars climate in the Met Office Unified Model: dry simulations},
journal = {GMD},
volume = {2022},
year = {2022},
pages = {1--34},
url = {https://egusphere.copernicus.org/preprints/egusphere-2022-718/},
doi = {10.5194/egusphere-2022-718},
keywords = {accepted},
author+an = {2=highlight}
}
@article{Christie22_camembert,
author = {Christie, Duncan A. and Lee, Elspeth K. H. and Innes, Hamish and Noti, Pascal A. and Charnay, Benjamin and Fauchez, Thomas J. and Mayne, Nathan J. and Deitrick, Russell and Ding, Feng and Greco, Jennifer J. and Hammond, Mark and Malsky, Isaac and Mandell, Avi and Rauscher, Emily and Roman, Michael T. and Sergeev, Denis E. and Sohl, Linda and Steinrueck, Maria E. and Turbet, Martin and Wolf, Eric T. and Zamyatina, Maria and Carone, Ludmila},
doi = {10.3847/PSJ/ac9dfe},
issn = {2632-3338},
journal = {The Planetary Science Journal},
month = {nov},
number = {11},
pages = {261},
publisher = {IOP Publishing},
title = {{CAMEMBERT: A Mini-Neptunes General Circulation Model Intercomparison, Protocol Version 1.0.A CUISINES Model Intercomparison Project}},
url = {https://iopscience.iop.org/article/10.3847/PSJ/ac9dfe https://iopscience.iop.org/article/10.3847/PSJ/ac9dfe/meta},
volume = {3},
year = {2022},
keywords = {published},
author+an = {16=highlight}
}
@article{Braam22_lightning-induced,
author = {Braam, Marrick and Palmer, Paul I. and Decin, Leen and Ridgway, Robert J. and Zamyatina, Maria and Mayne, Nathan J. and Sergeev, Denis E. and Abraham, N. Luke},
doi = {10.1093/mnras/stac2722},
issn = {0035-8711},
journal = {MNRAS},
month = {10},
number = {2},
pages = {2383--2402},
title = {{Lightning-induced chemistry on tidally-locked Earth-like exoplanets}},
url = {https://academic.oup.com/mnras/article/517/2/2383/6717659},
volume = {517},
year = {2022},
keywords = {published},
author+an = {7=highlight}
}
@article{Cohen22_laso,
author = {Cohen, Maureen and Bollasina, Massimo A. and Palmer, Paul I. and Sergeev, Denis E. and Boutle, Ian A. and Mayne, Nathan J. and Manners, James},
doi = {10.3847/1538-4357/ac625d},
issn = {0004-637X},
journal = {ApJ},
month = {5},
number = {2},
pages = {152},
publisher = {IOP Publishing},
title = {{Longitudinally Asymmetric Stratospheric Oscillation on a Tidally Locked Exoplanet}},
url = {https://iopscience.iop.org/article/10.3847/1538-4357/ac625d https://iopscience.iop.org/article/10.3847/1538-4357/ac625d/meta},
volume = {930},
year = {2022},
keywords = {published},
author+an = {4=highlight}
}
@article{Fauchez22_thai,
author = {Fauchez, Thomas J. and Villanueva, Geronimo L. and Sergeev, Denis E. and Turbet, Martin and Boutle, Ian A. and Tsigaridis, Kostas and Way, Michael J. and Wolf, Eric T. and Domagal-Goldman, Shawn D. and Forget, Fran{\c{c}}ois and Haqq-Misra, Jacob and Kopparapu, Ravi K. and Manners, James and Mayne, Nathan J.},
doi = {10.3847/PSJ/ac6cf1},
issn = {2632-3338},
journal = {PSJ},
month = {9},
number = {9},
pages = {213},
publisher = {IOP Publishing},
title = {{The TRAPPIST-1 Habitable Atmosphere Intercomparison (THAI). III. Simulated Observables—the Return of the Spectrum}},
url = {https://iopscience.iop.org/article/10.3847/PSJ/ac6cf1 https://iopscience.iop.org/article/10.3847/PSJ/ac6cf1/meta},
volume = {3},
year = {2022},
keywords = {published},
author+an = {3=highlight}
}
@article{Sergeev22_thai,
author = {Sergeev, Denis E. and Fauchez, Thomas J. and Turbet, Martin and Boutle, Ian A. and Tsigaridis, Kostas and Way, Michael J. and Wolf, Eric T. and Domagal-Goldman, Shawn D. and Forget, Fran{\c{c}}ois and Haqq-Misra, Jacob and Kopparapu, Ravi K. and Lambert, F. Hugo and Manners, James and Mayne, Nathan J.},
doi = {10.3847/PSJ/ac6cf2},
issn = {2632-3338},
journal = {PSJ},
month = {9},
number = {9},
pages = {212},
publisher = {IOP Publishing},
title = {{The TRAPPIST-1 Habitable Atmosphere Intercomparison (THAI). II. Moist Cases—The Two Waterworlds}},
url = {https://iopscience.iop.org/article/10.3847/PSJ/ac6cf2 https://iopscience.iop.org/article/10.3847/PSJ/ac6cf2/meta},
volume = {3},
year = {2022},
keywords = {published, firstauthor},
author+an = {1=highlight}
}
@article{Sergeev22_bistability,
author = {Sergeev, Denis E. and Lewis, Neil T. and Lambert, F. Hugo and Mayne, Nathan J. and Boutle, Ian A. and Manners, James and Kohary, Krisztian},
doi = {10.3847/PSJ/ac83be},
issn = {2632-3338},
journal = {PSJ},
month = {9},
number = {9},
pages = {214},
publisher = {IOP Publishing},
title = {{Bistability of the Atmospheric Circulation on TRAPPIST-1e}},
url = {https://iopscience.iop.org/article/10.3847/PSJ/ac83be https://iopscience.iop.org/article/10.3847/PSJ/ac83be/meta},
volume = {3},
year = {2022},
keywords = {published},
author+an = {1=highlight}
}
@article{Turbet22_thai,
author = {Turbet, Martin and Fauchez, Thomas J. and Sergeev, Denis E. and Boutle, Ian A. and Tsigaridis, Kostas and Way, Michael J. and Wolf, Eric T. and Domagal-Goldman, Shawn D. and Forget, Fran{\c{c}}ois and Haqq-Misra, Jacob and Kopparapu, Ravi K. and Lambert, F. Hugo and Manners, James and Mayne, Nathan J. and Sohl, Linda},
doi = {10.3847/PSJ/ac6cf0},
issn = {2632-3338},
journal = {PSJ},
month = {9},
number = {9},
pages = {211},
publisher = {IOP Publishing},
title = {{The TRAPPIST-1 Habitable Atmosphere Intercomparison (THAI). I. Dry Cases—The Fellowship of the GCMs}},
url = {https://iopscience.iop.org/article/10.3847/PSJ/ac6cf0 https://iopscience.iop.org/article/10.3847/PSJ/ac6cf0/meta},
volume = {3},
year = {2022},
keywords = {published},
author+an = {3=highlight}
}
@article{Fauchez21_workshop,
author = {Fauchez, Thomas J. and Turbet, Martin and Sergeev, Denis E. and Mayne, Nathan J. and Spiga, Aymeric and Sohl, Linda and Saxena, Prabal and Deitrick, Russell and Gilli, Gabriella and Domagal-Goldman, Shawn D. and Forget, Fran{\c{c}}ois and Consentino, Richard and Barnes, Rory and Haqq-Misra, Jacob and Way, Michael J. and Wolf, Eric T. and Olson, Stephanie and Crouse, Jaime S. and Janin, Estelle and Bolmont, Emeline and Leconte, J{\'{e}}r{\'{e}}my and Chaverot, Guillaume and Jaziri, Yassin and Tsigaridis, Kostantinos and Yang, Jun and Pidhorodetska, Daria and Kopparapu, Ravi K. and Chen, Howard and Boutle, Ian A. and Lefevre, Maxence and Charnay, Benjamin and Burnett, Andy and Cabra, John and Bouldin, Najja},
doi = {10.3847/PSJ/abf4df},
issn = {2632-3338},
journal = {PSJ},
month = {6},
number = {3},
pages = {106},
publisher = {IOP Publishing},
title = {{TRAPPIST Habitable Atmosphere Intercomparison (THAI) Workshop Report}},
url = {https://iopscience.iop.org/article/10.3847/PSJ/abf4df},
volume = {2},
year = {2021},
keywords = {published},
author+an = {3=highlight}
}
@article{Renfrew21_evaluation,
author = {Renfrew, I. A. and Barrell, C. and Elvidge, A. D. and Brooke, J. K. and Duscha, C. and King, J. C. and Kristiansen, J. and Lachlan-Cope, T. and Moore, G. W. K. and Pickart, R. S. and Reuder, J. and Sandu, I. and Sergeev, D. and Terpstra, A. and V{\aa}ge, K. and Weiss, A.},
doi = {10.1002/qj.3941},
issn = {0035-9009},
journal = {QJRMS},
month = {1},
number = {734},
pages = {691--712},
publisher = {John Wiley & Sons, Ltd},
title = {{An evaluation of surface meteorology and fluxes over the Iceland and Greenland Seas in ERA5 reanalysis: The impact of sea ice distribution}},
url = {https://onlinelibrary.wiley.com/doi/full/10.1002/qj.3941 https://onlinelibrary.wiley.com/doi/abs/10.1002/qj.3941 https://rmets.onlinelibrary.wiley.com/doi/10.1002/qj.3941 https://onlinelibrary.wiley.com/doi/10.1002/qj.3941},
volume = {147},
year = {2021},
keywords = {published},
author+an = {13=highlight}
}
@article{Terpstra21_characteristics,
author = {Terpstra, Annick and Renfrew, Ian A. and Sergeev, Denis E.},
doi = {10.1175/JCLI-D-20-0595.1},
issn = {0894-8755},
journal = {JCli},
month = {2},
number = {aop},
pages = {1--52},
publisher = {American Meteorological Society},
title = {{Characteristics of Cold Air Outbreak events and associated Polar Mesoscale Cyclogenesis over the North Atlantic region}},
url = {https://journals.ametsoc.org/view/journals/clim/aop/JCLI-D-20-0595.1/JCLI-D-20-0595.1.xml},
volume = {-1},
year = {2021},
keywords = {published},
author+an = {3=highlight}
}
@article{Eager20_implications,
author = {Eager, Jake K and Reichelt, David J and Mayne, Nathan J and {Hugo Lambert}, F. and Sergeev, Denis E and Ridgway, Robert J and Manners, James and Boutle, Ian A and Lenton, Timothy M and Kohary, Krisztian},
doi = {10.1051/0004-6361/202038089},
issn = {0004-6361},
journal = {A\&A},
month = {7},
pages = {A99},
title = {{Implications of different stellar spectra for the climate of tidally locked Earth-like exoplanets}},
url = {https://doi.org/10.1051/0004-6361/202038089 https://www.aanda.org/10.1051/0004-6361/202038089},
volume = {639},
year = {2020},
keywords = {published},
author+an = {5=highlight}
}
@article{Joshi20_earth,
author = {Joshi, M M and Elvidge, A D and Wordsworth, R and Sergeev, D},
doi = {10.3847/2041-8213/ab7fb3},
issn = {2041-8213},
journal = {ApJ},
month = {4},
number = {2},
pages = {L33},
title = {{Earth's Polar Night Boundary Layer as an Analog for Dark Side Inversions on Synchronously Rotating Terrestrial Exoplanets}},
url = {https://doi.org/10.3847/2041-8213/ab7fb3 https://iopscience.iop.org/article/10.3847/2041-8213/ab7fb3},
volume = {892},
year = {2020},
keywords = {published},
author+an = {4=highlight}
}
@article{Sergeev20_atmospheric,
author = {Sergeev, Denis E. and Lambert, F. Hugo and Mayne, Nathan J. and Boutle, Ian A. and Manners, James and Kohary, Krisztian},
doi = {10.3847/1538-4357/ab8882},
issn = {1538-4357},
journal = {ApJ},
month = {5},
number = {2},
pages = {84},
publisher = {IOP Publishing},
title = {{Atmospheric Convection Plays a Key Role in the Climate of Tidally Locked Terrestrial Exoplanets: Insights from High-resolution Simulations}},
url = {https://iopscience.iop.org/article/10.3847/1538-4357/ab8882},
volume = {894},
year = {2020},
keywords = {published},
author+an = {1=highlight}
}
@article{Renfrew19_igp,
author = {Renfrew, I. A. and Pickart, R. S. and V{\aa}ge, K. and Moore, G. W. K. and Bracegirdle, T. J. and Elvidge, A. D. and Jeansson, E. and Lachlan-Cope, T. and McRaven, L. T. and Papritz, L. and Reuder, J. and Sodemann, H. and Terpstra, A. and Waterman, S. and Valdimarsson, H. and Weiss, A. and Almansi, M. and Bahr, F. and Brakstad, A. and Barrell, C. and Brooke, J. K. and Brooks, B. J. and Brooks, I. M. and Brooks, M. E. and Bruvik, E. M. and Duscha, C. and Fer, I. and Golid, H. M. and Hallerstig, M. and Hessevik, I. and Huang, J. and Houghton, L. and J{\'{o}}nsson, S. and Jonassen, M. and Jackson, K. and Kvalsund, K. and Kolstad, E. W. and Konstali, K. and Kristiansen, J. and Ladkin, R. and Lin, P. and Macrander, A. and Mitchell, A. and Olafsson, H. and Pacini, A. and Payne, C. and Palmason, B. and P{\'{e}}rez-Hern{\'{a}}ndez, M. D. and Peterson, A. K. and Petersen, G. N. and Pisareva, M. N. and Pope, J. O. and Seidl, A. and Semper, S. and Sergeev, D. and Skjelsvik, S. and S{\o}iland, H. and Smith, D. and Spall, M. A. and Spengler, T. and Touzeau, A. and Tupper, G. and Weng, Y. and Williams, K. D. and Yang, X. and Zhou, S.},
doi = {10.1175/BAMS-D-18-0217.1},
issn = {0003-0007},
journal = {BAMS},
month = {9},
number = {9},
pages = {1795--1817},
publisher = {American Meteorological Society},
title = {{The Iceland Greenland Seas Project}},
url = {https://journals.ametsoc.org/bams/article/100/9/1795/344835/The-Iceland-Greenland-Seas-Project https://journals.ametsoc.org/view/journals/bams/100/9/bams-d-18-0217.1.xml},
volume = {100},
year = {2019},
keywords = {published},
author+an = {55=highlight}
}
@article{Sergeev18_modification,
author = {Sergeev, Denis E. and Renfrew, Ian A. and Spengler, Thomas},
doi = {10.1175/MWR-D-18-0086.1},
issn = {0027-0644},
journal = {MWR},
month = {10},
number = {10},
pages = {3325--3341},
title = {{Modification of Polar Low Development by Orography and Sea Ice}},
url = {http://journals.ametsoc.org/doi/10.1175/MWR-D-18-0086.1},
volume = {146},
year = {2018},
keywords = {published},
author+an = {1=highlight}
}
@article{Shestakova18_observations,
author = {Shestakova, Anna A. and Toropov, Pavel A. and Stepanenko, Victor M. and Sergeev, Denis E. and Repina, Irina A.},
doi = {10.1016/j.dynatmoce.2018.07.001},
issn = {03770265},
journal = {DAO},
month = {9},
pages = {83--99},
title = {{Observations and modelling of downslope windstorm in Novorossiysk}},
url = {https://www.sciencedirect.com/science/article/pii/S0377026518300356 https://linkinghub.elsevier.com/retrieve/pii/S0377026518300356},
volume = {83},
year = {2018},
keywords = {published},
author+an = {4=highlight}
}
@article{Sergeev17_structure,
author = {Sergeev, D E and Renfrew, I A and Spengler, T and Dorling, S R},
doi = {10.1002/qj.2911},
issn = {00359009},
journal = {QJRMS},
month = {1},
number = {702},
pages = {12--26},
title = {{Structure of a shear-line polar low}},
url = {http://doi.wiley.com/10.1002/qj.2911},
volume = {143},
year = {2017},
keywords = {published},
author+an = {1=highlight}
}
@article{Spengler16_high,
author = {Spengler, Thomas and Renfrew, Ian A and Terpstra, Annick and Tjernstr{\"{o}}m, Michael and Screen, James and Brooks, Ian M and Carleton, Andrew and Chechin, Dmitry and Chen, Linling and Doyle, James and Esau, Igor and Hezel, Paul J and Jung, Thomas and Kohyama, Tsubasa and L{\"{u}}pkes, Christof and McCusker, Kelly E and Nyg{\aa}rd, Tiina and Sergeev, Denis and Shupe, Matthew D and Sodemann, Harald and Vihma, Timo},
doi = {10.1175/BAMS-D-15-00302.1},
issn = {0003-0007},
journal = {BAMS},
month = {9},
number = {9},
pages = {ES179--ES182},
title = {{High-Latitude Dynamics of Atmosphere–Ice–Ocean Interactions}},
url = {http://dx.doi.org/10.1175/BAMS-D-15-00302.1 http://journals.ametsoc.org/doi/10.1175/BAMS-D-15-00302.1 https://journals.ametsoc.org/doi/10.1175/BAMS-D-15-00302.1},
volume = {97},
year = {2016},
keywords = {published},
author+an = {18=highlight}
}
@article{Eliseev14_impact,
author = {Eliseev, A V and Sergeev, D E},
doi = {10.1134/S0001433814020030},
issn = {0001-4338},
journal = {IAOP},
month = {5},
number = {3},
pages = {225--235},
title = {{Impact of subgrid-scale vegetation heterogeneity on the simulation of carbon-cycle characteristics}},
url = {http://gateway.webofknowledge.com/gateway/Gateway.cgi?GWVersion=2&SrcAuth=ORCID&SrcApp=OrcidOrg&DestLinkType=FullRecord&DestApp=WOS_CPL&KeyUT=WOS:000337790100001&KeyUID=WOS:000337790100001 http://link.springer.com/10.1134/S0001433814020030},
volume = {50},
year = {2014},
keywords = {published},
author+an = {2=highlight}
}
